<?xml version="1.0" encoding="UTF-8"?>
<collection xmlns:xsi="http://www.w3.org/2001/XMLSchema-instance" xsi:schemaLocation="http://www.loc.gov/MARC21/slim http://www.loc.gov/standards/marcxml/schema/MARC21slim.xsd" xmlns="http://www.loc.gov/MARC21/slim">
<record>
  <leader>00609cam a22001931  4500</leader>
  <controlfield tag="001">3073789</controlfield>
  <controlfield tag="003">NNC</controlfield>
  <controlfield tag="005">20130426015605.0</controlfield>
  <controlfield tag="008">010827s1887    ua            000 0 ara d</controlfield>
  <datafield tag="035" ind1=" " ind2=" ">
    <subfield code="a">(OCoLC)ocm47849669</subfield>
  </datafield>
  <datafield tag="035" ind1=" " ind2=" ">
    <subfield code="9">ATP6930CU</subfield>
  </datafield>
  <datafield tag="035" ind1=" " ind2=" ">
    <subfield code="a">(NNC)3073789</subfield>
  </datafield>
  <datafield tag="040" ind1=" " ind2=" ">
    <subfield code="a">ZCU</subfield>
    <subfield code="c">ZCU</subfield>
  </datafield>
  <datafield tag="099" ind1=" " ind2=" ">
    <subfield code="a">893.712</subfield>
    <subfield code="a">D138</subfield>
  </datafield>
  <datafield tag="100" ind1="1" ind2=" ">
    <subfield code="a">Daḥlān, Aḥmad ibn Zaynī,</subfield>
    <subfield code="d">1816 or 1817-1886.</subfield>
  </datafield>
  <datafield tag="245" ind1="1" ind2="0">
    <subfield code="a">Khulāṣat al-kalām fī bayān umarā al-balad al-ḥarām min zaman al-nabī ...</subfield>
    <subfield code="b">ilā waqtna hād̲ā bi-al-tamām ...</subfield>
  </datafield>
  <datafield tag="260" ind1=" " ind2=" ">
    <subfield code="a">Misr.,</subfield>
    <subfield code="c">A.H. 1305 [1887]</subfield>
  </datafield>
  <datafield tag="300" ind1=" " ind2=" ">
    <subfield code="a">332 p.</subfield>
    <subfield code="c">30 cm.</subfield>
  </datafield>
  <datafield tag="955" ind1=" " ind2=" ">
    <subfield code="b">CU58883487</subfield>
    <subfield code="d">off,glx</subfield>
    <subfield code="e">893.712 D138</subfield>
  </datafield>
</record>
</collection>